<record><leader>00000cas a22000007a 4500</leader><controlfield tag="001">9357696</controlfield><controlfield tag="008">830329d18921923ksuwr ne      0    0eng d</controlfield><controlfield tag="009">3789</controlfield><datafield ind1=" " ind2=" " tag="010"><subfield code="a">sn 83040040 </subfield></datafield><datafield ind1=" " ind2=" " tag="040"><subfield code="a">KSH</subfield><subfield code="b">eng</subfield><subfield code="c">KSH</subfield><subfield code="d">NPT</subfield></datafield><datafield ind1="1" ind2=" " tag="029"><subfield code="a">AU@</subfield><subfield code="b">000025788683</subfield></datafield><datafield ind1=" " ind2=" " tag="042"><subfield code="a">msc</subfield></datafield><datafield ind1=" " ind2=" " tag="043"><subfield code="a">n-us-ks</subfield></datafield><datafield ind1="0" ind2="0" tag="245"><subfield code="a">Greeley graphic.</subfield></datafield><datafield ind1=" " ind2=" " tag="260"><subfield code="a">Greeley, Kan. :</subfield><subfield code="b">E.E. Vail,</subfield><subfield code="c">1892-1923.</subfield></datafield><datafield ind1=" " ind2=" " tag="300"><subfield code="a">32 v. :</subfield><subfield code="b">ill. ;</subfield><subfield code="c">37-54 cm.</subfield></datafield><datafield ind1=" " ind2=" " tag="310"><subfield code="a">Weekly</subfield></datafield><datafield ind1="0" ind2=" " tag="362"><subfield code="a">Vol. 1, no. 37 (June 24, 1892)-v. 32, no. 3 (Nov. 8, 1923).</subfield></datafield><datafield ind1=" " ind2=" " tag="500"><subfield code="a">Editor: E.E. Vail.</subfield></datafield><datafield ind1="1" ind2=" " tag="700"><subfield code="a">Vail, E. E.</subfield></datafield><datafield ind1=" " ind2=" " tag="752"><subfield code="a">United States</subfield><subfield code="b">Kansas</subfield><subfield code="c">Anderson</subfield><subfield code="d">Greeley.</subfield></datafield><datafield ind1="0" ind2="0" tag="780"><subfield code="t">Greeley tribune (Greeley, Kan. : 1891)</subfield><subfield code="w">(DLC)sn 83040070</subfield></datafield><datafield ind1="0" ind2="0" tag="785"><subfield code="t">Anderson countian</subfield><subfield code="w">(DLC)sn 83040041</subfield></datafield></record>